%% This BibTeX bibliography file was created using BibDesk.
%% http://bibdesk.sourceforge.net/

%% Created for Dan Foreman-Mackey at 2017-10-23 13:47:06 -0400 


%% Saved with string encoding Unicode (UTF-8) 



@article{Luger:2017,
	Adsnote = {Provided by the SAO/NASA Astrophysics Data System},
	Adsurl = {http://adsabs.harvard.edu/abs/2017arXiv170205488L},
	Archiveprefix = {arXiv},
	Author = {{Luger}, R. and {Kruse}, E. and {Foreman-Mackey}, D. and {Agol}, E. and {Saunders}, N.},
	Date-Added = {2017-10-23 17:47:04 +0000},
	Date-Modified = {2017-10-23 17:47:04 +0000},
	Eprint = {1702.05488},
	Journal = {ArXiv e-prints},
	Keywords = {Astrophysics - Instrumentation and Methods for Astrophysics, Astrophysics - Earth and Planetary Astrophysics},
	Month = feb,
	Primaryclass = {astro-ph.IM},
	Title = {{An update to the EVEREST K2 pipeline: Short cadence, saturated stars, and Kepler-like photometry down to Kp = 15}},
	Year = 2017}

@article{Luger:2016,
	Adsnote = {Provided by the SAO/NASA Astrophysics Data System},
	Adsurl = {http://adsabs.harvard.edu/abs/2016AJ....152..100L},
	Archiveprefix = {arXiv},
	Author = {{Luger}, R. and {Agol}, E. and {Kruse}, E. and {Barnes}, R. and {Becker}, A. and {Foreman-Mackey}, D. and {Deming}, D.},
	Date-Added = {2017-10-23 17:47:04 +0000},
	Date-Modified = {2017-10-23 17:47:04 +0000},
	Doi = {10.3847/0004-6256/152/4/100},
	Eid = {100},
	Eprint = {1607.00524},
	Journal = {\aj},
	Keywords = {catalogs, planets and satellites: detection, techniques: photometric},
	Month = oct,
	Pages = {100},
	Primaryclass = {astro-ph.EP},
	Title = {{EVEREST: Pixel Level Decorrelation of K2 Light Curves}},
	Volume = 152,
	Year = 2016,
	Bdsk-Url-1 = {http://dx.doi.org/10.3847/0004-6256/152/4/100}}
